<record><leader>00000cas a2200000Ma 4500</leader><controlfield tag="001">11041714</controlfield><controlfield tag="008">840810d18521863nhudn ne      0    0eng d</controlfield><datafield ind1=" " ind2=" " tag="010"><subfield code="a">sn 84023814 </subfield></datafield><datafield ind1=" " ind2=" " tag="040"><subfield code="a">AQM</subfield><subfield code="b">eng</subfield><subfield code="c">AQM</subfield><subfield code="d">OCLCQ</subfield></datafield><datafield ind1="0" ind2="4" tag="245"><subfield code="a">The Daily Manchester American.</subfield></datafield><datafield ind1="1" ind2="3" tag="246"><subfield code="a">Daily American</subfield></datafield><datafield ind1="1" ind2="3" tag="246"><subfield code="a">Manchester daily American</subfield></datafield><datafield ind1=" " ind2=" " tag="260"><subfield code="a">Manchester, N.H. :</subfield><subfield code="b">Goodale &amp; Farnsworth</subfield></datafield><datafield ind1=" " ind2=" " tag="300"><subfield code="a">v.</subfield></datafield><datafield ind1=" " ind2=" " tag="310"><subfield code="a">Daily (except Sun.)</subfield></datafield><datafield ind1="1" ind2=" " tag="362"><subfield code="a">Began with Oct. 23, 1852 issue; ceased with Dec. 31, 1863 issue.</subfield><subfield code="z">Cf. Amer. newspapers, 1821-1936.</subfield></datafield><datafield ind1=" " ind2=" " tag="500"><subfield code="a">"Manchester" appears within title ornament, &lt;1858&gt;-1863.</subfield></datafield><datafield ind1=" " ind2=" " tag="500"><subfield code="a">Editors: Goodale &amp; Farnsworth, &lt;1858&gt;-1860; S.D. Farnsworth, &lt;1860&gt;.</subfield></datafield><datafield ind1=" " ind2=" " tag="500"><subfield code="a">Publishers: S.D. Farnsworth, &lt;1860&gt;; Gage, Moore &amp; Co., &lt;1863&gt;.</subfield></datafield><datafield ind1=" " ind2=" " tag="580"><subfield code="a">Weekly eds.: Manchester American &amp; messenger, Democrat and American.</subfield></datafield><datafield ind1=" " ind2=" " tag="588"><subfield code="a">Description based on: Vol. 8, no. 114 (May 15, 1858).</subfield></datafield><datafield ind1=" " ind2="7" tag="655"><subfield code="a">Newspapers.</subfield><subfield code="2">rbgenr</subfield></datafield><datafield ind1="1" ind2=" " tag="700"><subfield code="a">Farsnworth, Simeon D.</subfield></datafield><datafield ind1=" " ind2=" " tag="752"><subfield code="a">United States</subfield><subfield code="b">New Hampshire</subfield><subfield code="c">Hillsboro</subfield><subfield code="d">Manchester.</subfield></datafield><datafield ind1="1" ind2=" " tag="775"><subfield code="t">Manchester American &amp; messenger</subfield><subfield code="w">(DLC)sn 84023811</subfield></datafield><datafield ind1="1" ind2=" " tag="775"><subfield code="t">Democrat and American</subfield><subfield code="w">(DLC)sn 84023817</subfield></datafield><datafield ind1="0" ind2="7" tag="785"><subfield code="t">Manchester daily mirror</subfield><subfield code="w">(DLC)sn 84023815</subfield></datafield><datafield ind1="0" ind2="7" tag="785"><subfield code="t">Daily mirror and American</subfield><subfield code="w">(DLC)sn 84023816</subfield></datafield></record>